<?xml version="1.0" encoding="UTF-8"?><collection xmlns="http://www.loc.gov/MARC21/slim"><record><leader>00453nam--2200157-i-4500</leader><controlfield tag="001">000012884</controlfield><controlfield tag="002">20161230</controlfield><controlfield tag="005">20170219001818</controlfield><controlfield tag="008">060222s1000------------r-----000-0-eng-d</controlfield><datafield ind1=" " ind2=" " tag="100"><subfield code="a">Croxton, Clive A</subfield></datafield><datafield ind1=" " ind2=" " tag="245"><subfield code="a">Liquid state physics -a statistical mechanical introduction</subfield></datafield><datafield ind1=" " ind2=" " tag="260"><subfield code="a">Cambridge</subfield><subfield code="b">Cambridge University Press</subfield><subfield code="c">1974</subfield></datafield><datafield ind1=" " ind2=" " tag="300"><subfield code="a">430 p</subfield></datafield><datafield ind1=" " ind2=" " tag="490"><subfield code="a">Cambridge Monographs On Physics</subfield></datafield><datafield ind1=" " ind2=" " tag="852"><subfield code="a">531.19:532</subfield></datafield><datafield ind1=" " ind2=" " tag="CAT"><subfield code="a">SYS</subfield><subfield code="c">20170219</subfield><subfield code="h">001818</subfield></datafield></record></collection>